<?xml version="1.0" encoding="UTF-8"?><collection xmlns="http://www.loc.gov/MARC21/slim"><record><leader>00377nam--2200157-i-4500</leader><controlfield tag="001">000002699</controlfield><controlfield tag="002">20161230</controlfield><controlfield tag="005">20161230201025</controlfield><controlfield tag="008">060222s1000------------r-----000-0-eng-d</controlfield><datafield ind1=" " ind2=" " tag="100"><subfield code="a">Caratheodory, Constantin</subfield></datafield><datafield ind1=" " ind2=" " tag="245"><subfield code="a">Funktionentheorie</subfield></datafield><datafield ind1=" " ind2=" " tag="260"><subfield code="a">Basel, Birkhauser, 1950</subfield></datafield><datafield ind1=" " ind2=" " tag="300"><subfield code="a">194 p</subfield></datafield><datafield ind1=" " ind2=" " tag="490"><subfield code="v">Band II</subfield></datafield><datafield ind1=" " ind2=" " tag="852"><subfield code="a">19176</subfield><subfield code="c">517.5</subfield></datafield><datafield ind1=" " ind2=" " tag="CAT"><subfield code="a">Sys</subfield><subfield code="c">20080729</subfield><subfield code="h">080535</subfield></datafield></record></collection>